<?xml version="1.0" encoding="UTF-8"?><collection xmlns="http://www.loc.gov/MARC21/slim"><record><leader>00403nam--2200133-i-4500</leader><controlfield tag="001">000042914</controlfield><controlfield tag="002">20161230</controlfield><controlfield tag="005">20161230201043</controlfield><controlfield tag="008">060222s1000------------r-----000-0-eng-d</controlfield><datafield ind1=" " ind2=" " tag="080"><subfield code="a">519.68:581.3.06</subfield></datafield><datafield ind1=" " ind2=" " tag="100"><subfield code="a">Stevens,Wayne P</subfield></datafield><datafield ind1=" " ind2=" " tag="245"><subfield code="a">Using structural design. how to make programs simple,changeable,flexible and resuable</subfield></datafield><datafield ind1=" " ind2=" " tag="260"><subfield code="a">New York, John Wiley And Sons, 1981. Xvii + 213 P</subfield></datafield><datafield ind1=" " ind2=" " tag="852"><subfield code="a">72457</subfield></datafield></record></collection>